@inproceedings{BERT,
  title     = {BERT: Pre-training of Deep Bidirectional Transformers for Language Understanding},
  author    = {Jacob Devlin and Ming-Wei Chang and Kenton Lee and Kristina Toutanova},
  booktitle = {North American Chapter of the Association for Computational Linguistics},
  year      = {2019},
  url       = {https://api.semanticscholar.org/CorpusID:52967399},
  note      = {Accedit: 21/02/2023}
}

@misc{criminalitat,
  title        = {PORTAL ESTADÍSTIC DE CRIMINALITAT},
  howpublished = {\url{https://estadisticasdecriminalidad.ses.mir.es/}},
  note         = {Accedit: 22/11/2023}
}

@misc{dataset,
  title         = {Named Entity Recognition in Indian court judgments},
  author        = {Prathamesh Kalamkar and Astha Agarwal and Aman Tiwari and Smita Gupta and Saurabh Karn and Vivek Raghavan},
  year          = {2022},
  eprint        = {2211.03442},
  archiveprefix = {arXiv},
  primaryclass  = {cs.CL}
}

@misc{flan-t5,
  title         = {Scaling Instruction-Finetuned Language Models},
  author        = {Hyung Won Chung and Le Hou and Shayne Longpre and Barret Zoph and Yi Tay and William Fedus and Yunxuan Li and Xuezhi Wang and Mostafa Dehghani and Siddhartha Brahma and Albert Webson and Shixiang Shane Gu and Zhuyun Dai and Mirac Suzgun and Xinyun Chen and Aakanksha Chowdhery and Alex Castro-Ros and Marie Pellat and Kevin Robinson and Dasha Valter and Sharan Narang and Gaurav Mishra and Adams Yu and Vincent Zhao and Yanping Huang and Andrew Dai and Hongkun Yu and Slav Petrov and Ed H. Chi and Jeff Dean and Jacob Devlin and Adam Roberts and Denny Zhou and Quoc V. Le and Jason Wei},
  year          = {2022},
  eprint        = {2210.11416},
  archiveprefix = {arXiv},
  primaryclass  = {cs.LG}
}

@article{GPT2,
  title  = {Language Models are Unsupervised Multitask Learners},
  author = {Radford, Alec and Wu, Jeff and Child, Rewon and Luan, David and Amodei, Dario and Sutskever, Ilya},
  year   = {2019},
  url    = {https://d4mucfpksywv.cloudfront.net/better-language-models/language-models.pdf}
}

@misc{Hugging-Face,
  title        = {Hugging Face},
  howpublished = {\url{https://huggingface.co/}},
  note         = {Accedit: 07/10/2023}
}

@misc{lamini,
  title         = {LaMini-LM: A Diverse Herd of Distilled Models from Large-Scale Instructions},
  author        = {Minghao Wu and Abdul Waheed and Chiyu Zhang and Muhammad Abdul-Mageed and Alham Fikri Aji},
  year          = {2023},
  eprint        = {2304.14402},
  archiveprefix = {arXiv},
  primaryclass  = {cs.CL}
}

@misc{llama,
  title         = {Llama 2: Open Foundation and Fine-Tuned Chat Models},
  author        = {Hugo Touvron and Louis Martin and Kevin Stone and Peter Albert and Amjad Almahairi and Yasmine Babaei and Nikolay Bashlykov and Soumya Batra and Prajjwal Bhargava and Shruti Bhosale and Dan Bikel and Lukas Blecher and Cristian Canton Ferrer and Moya Chen and Guillem Cucurull and David Esiobu and Jude Fernandes and Jeremy Fu and Wenyin Fu and Brian Fuller and Cynthia Gao and Vedanuj Goswami and Naman Goyal and Anthony Hartshorn and Saghar Hosseini and Rui Hou and Hakan Inan and Marcin Kardas and Viktor Kerkez and Madian Khabsa and Isabel Kloumann and Artem Korenev and Punit Singh Koura and Marie-Anne Lachaux and Thibaut Lavril and Jenya Lee and Diana Liskovich and Yinghai Lu and Yuning Mao and Xavier Martinet and Todor Mihaylov and Pushkar Mishra and Igor Molybog and Yixin Nie and Andrew Poulton and Jeremy Reizenstein and Rashi Rungta and Kalyan Saladi and Alan Schelten and Ruan Silva and Eric Michael Smith and Ranjan Subramanian and Xiaoqing Ellen Tan and Binh Tang and Ross Taylor and Adina Williams and Jian Xiang Kuan and Puxin Xu and Zheng Yan and Iliyan Zarov and Yuchen Zhang and Angela Fan and Melanie Kambadur and Sharan Narang and Aurelien Rodriguez and Robert Stojnic and Sergey Edunov and Thomas Scialom},
  year          = {2023},
  eprint        = {2307.09288},
  archiveprefix = {arXiv},
  primaryclass  = {cs.CL}
}


@software{localgpt,
  author = {PromptEngineer},
  month  = {5},
  title  = {{localGPT}},
  url    = {https://github.com/PromtEngineer/localGPT},
  year   = {2023}
}

@misc{Logstash,
  title        = {Protecting GDPR Personal Data with Pseudonymization},
  howpublished = {\url{https://www.elastic.co/es/blog/gdpr-personal-data-pseudonymization-part-1}},
  note         = {Accedit: 12/03/2024}
}

@misc{mistral,
  title         = {Mistral 7B},
  author        = {Albert Q. Jiang and Alexandre Sablayrolles and Arthur Mensch and Chris Bamford and Devendra Singh Chaplot and Diego de las Casas and Florian Bressand and Gianna Lengyel and Guillaume Lample and Lucile Saulnier and Lélio Renard Lavaud and Marie-Anne Lachaux and Pierre Stock and Teven Le Scao and Thibaut Lavril and Thomas Wang and Timothée Lacroix and William El Sayed},
  year          = {2023},
  eprint        = {2310.06825},
  archiveprefix = {arXiv},
  primaryclass  = {cs.CL}
}

@misc{payscale-CP,
  title        = {Average Information Technology (IT) Manager Salary in Spain},
  howpublished = {\url{https://www.payscale.com/research/ES/Job=Information_Technology_(IT)_Manager/Salary}},
  note         = {Accedit: 05/10/2023}
}

@misc{payscale-DJ,
  title        = {Average Junior Software Engineer Salary in Spain},
  howpublished = {\url{https://www.payscale.com/research/ES/Job=Junior_Software_Engineer/Salary/29db7a3a/Barcelona}},
  note         = {Accedit: 05/10/2023}
}

@misc{payscale-EC,
  title        = {Artificial Intelligence (AI) in Spain},
  howpublished = {\url{https://www.payscale.com/research/ES/Skill=Artificial_Intelligence_(AI)/Salary}},
  note         = {Accedit: 12/11/2023}
}

@misc{preu-llum,
  title        = {Precio de la luz por horas: Detalles y Evolución de la tarifa PVPC},
  howpublished = {\url{https://tarifaluzhora.es}},
  note         = {Accedit: 06/10/2023}
}

@misc{preu-oficina,
  title        = {Oficinas en alquiler},
  howpublished = {\url{https://www.bgoficinasbarcelona.com/espacios-oficinas-en-alquiler/?operacion-oficinas=en-alquiler&ciudad=barcelona&zona-oficina=diagonal&oficina-tipo=edificio-de-oficinas}},
  note         = {Accedit: 06/10/2023}
}

@misc{preu-ordinador,
  title        = {PC HP EliteDesk 800 G9 Torre},
  howpublished = {\url{https://www.hp.com/es-es/shop/product.aspx?id=5V8Y8EA&opt=ABE&sel=DTP&_gl=1*bwsvsa*_up*MQ..&gclid=Cj0KCQiAr8eqBhD3ARIsAIe-buPahFFiMoBYvugrNG3AWSibkUziubtJjD6E-l3mSmNE52f1BzQ0HbIaApCvEALw_wcB&gclsrc=aw.ds}},
  note         = {Accedit: 13/11/2023}
}

@article{RoBERTaA,
  title   = {RoBERTa: A Robustly Optimized BERT Pretraining Approach},
  author  = {Yinhan Liu and Myle Ott and Naman Goyal and Jingfei Du and Mandar Joshi and Danqi Chen and Omer Levy and Mike Lewis and Luke Zettlemoyer and Veselin Stoyanov},
  journal = {ArXiv},
  year    = {2019},
  volume  = {abs/1907.11692},
  url     = {https://api.semanticscholar.org/CorpusID:198953378},
  note    = {Accedit: 21/02/2023}
}

@misc{scrum,
  title        = {What is scrum? [+ How to start]},
  howpublished = {\url{https://www.atlassian.com/agile/scrum}},
  note         = {Accedit: 13/12/2023}
}

@misc{watts-monitor,
  title        = {Monitor LCD panorámico de 22 pulgadas HP Compaq LA2205wg},
  howpublished = {\url{https://support.hp.com/es-es/product/product-specs/hp-compaq-la2205wg-22-inch-widescreen-lcd-monitor/3955309}},
  note         = {Accedit: 06/10/2023}
}

@misc{watts-ordinador,
  title        = {PC de sobremesa HP Elite Tower 800 G9},
  howpublished = {\url{https://www8.hp.com/h20195/V2/GetPDF.aspx/c08086877}},
  note         = {Accedit: 13/11/2023}
}
